@misc{MogiHapticDevice,
  author = {Dudás D.},
  month = {9},
  title = {Mogi Haptic Device},
  url = {https://github.com/dudasdavid/HapticDevice},
  version = {1.2v},
  year = {2020}
}

@misc{ROSmelodic,
  author = {Willow Garage Stanford Artificial Intelligence Laboratory Open Robotics},
  title = {Robot Operating System},
  url = {http://wiki.ros.org/Documentation},
  version = {melodic},
  year = {2018}
}

@misc{tlesensor,
  author = {Infieon},
  title = {TLE5012B GMR-Based Angle Sensor Data Sheet},
  url = {https://www.infineon.com/cms/en/product/sensor/magnetic-sensors/magnetic-position-sensors/angle-sensors/tle5012b-e1000/},
  version = {TLE5012B},
  year = {2018}
}

@article{merat1987introduction,
  title={Introduction to robotics: Mechanics and control},
  author={Merat, F},
  journal={IEEE Journal on Robotics and Automation},
  year={1987},
  publisher={IEEE}
}

@inproceedings{quigley2009ros,
  title={ROS: an open-source Robot Operating System},
  author={Quigley, Morgan and Conley, Ken and Gerkey, Brian and Faust, Josh and Foote, Tully and Leibs, Jeremy and Wheeler, Rob and Ng, Andrew Y and others},
  booktitle={ICRA workshop on open source software},
  year={2009},
  organization={Kobe, Japan}
}


@book{stm32doku,
  author = {STMicroelectronics},
  year = {2015},
  title = {Medium-density performance line ARM®-based 32-bit MCU with 64 interfaces},
  publisher = {STMicroelectronics}
}


@book{noorani20173d,
  title={3D printing: technology, applications, and selection},
  author={Noorani, Rafiq},
  year={2017},
  publisher={CRC Press}
}

@book{shinjo2013nanomagnetism,
  title={Nanomagnetism and spintronics},
  author={Shinjo, Teruya},
  year={2013},
  publisher={Elsevier}
}

@article{ekekwe2008wide,
  title={A wide speed range and high precision position and velocity measurements chip with serial peripheral interface},
  author={Ekekwe, Ndubuisi and Etienne-Cummings, Ralph and Kazanzides, Peter},
  journal={Integration},
  volume={41},
  number={2},
  pages={297--305},
  year={2008},
  publisher={Elsevier}
}